
@book{letouze_big_2012,
	title = {Big {Data} {For} {Development}},
	author = {Letouzé, Emmanuel},
	month = may,
	year = {2012},
	publisher = {UN Global Pulse}
}

@article{fadiya_advancing_2014,
	title = {Advancing {Big} {Data} for {Humanitarian} {Needs}},
	volume = {78},
	issn = {18777058},
	url = {http://linkinghub.elsevier.com/retrieve/pii/S1877705814010303},
	language = {en},
	journal = {Procedia Engineering},
	author = {Fadiya, Samson Oluwaseun and Saydam, Serdar and Zira, Vanduhe Vany},
	year = {2014},
	pages = {88--95}
}

@book{world_bank_big_data_2014,
	title = {Big {Data} in {Action} for {Development} {Report}},
	author = {Coppola, Andrea and Calvo-Gonzalez, Oscar and Sabet, Elizabeth and Arjomand, Natalia and Siegel, Ryan and Freeman, Carrie and Massarrat, Neisan},
	year = {2014},
	publisher = {World Bank Group}
}

@incollection{jenkins_2016,
  author      = {Jenkins, Henry and Shresthova, Sangita and Gamber-Thompson, Liana and Kligler-Vilenchik, Neta},
  title       = "Superpowers to the People!: How Young Activists Are Tapping The Civic Imagination",
  editor      = {Gordon, Eric and Mihailidis, Paul},
  booktitle   = "Civic Media: Technology, Design, Practice",
  publisher   = "MIT Press",
  address     = "Cambridge, MA",
  year        = 2016,
}


@misc{wikipedia_hype_2015,
	title = {Hype cycle},
	copyright = {Creative Commons Attribution-ShareAlike License},
	howpublished = {\url{https://en.wikipedia.org/w/index.php?title=Hype_cycle&oldid=670485416}},
	language = {en},
	journal = {Wikipedia, the free encyclopedia},
	month = jul,
	year = {2015},
	note = {Accessed: 2015-07-23}
}

@article{boyd_critical_2012,
	title = {{Critical} {Questions} {for} {Big} {Data}: {Provocations} for a cultural, technological, and scholarly phenomenon},
	volume = {15},
	issn = {1369-118X, 1468-4462},
	shorttitle = {{CRITICAL} {QUESTIONS} {FOR} {BIG} {DATA}},
	doi = {10.1080/1369118X.2012.678878},
	language = {en},
	number = {5},
	urldate = {2015-07-23},
	journal = {Information, Communication \& Society},
	author = {boyd, danah and Crawford, Kate},
	month = jun,
	year = {2012},
	pages = {662--679},
}

@article{welles_minorities_2014,
	title = {On minorities and outliers: {The} case for making {Big} {Data} small},
	volume = {1},
	issn = {2053-9517},
	shorttitle = {On minorities and outliers},
	url = {http://bds.sagepub.com/content/1/1/2053951714540613},
	doi = {10.1177/2053951714540613},
	language = {en},
	number = {1},
	urldate = {2015-07-28},
	journal = {Big Data \& Society},
	author = {Welles, Brooke Foucault},
	month = apr,
	year = {2014},
	pages = {2053951714540613}
}

@incollection{dignazio_small_data_2014,
  author      = "O. Grandstrand",
  title       = "Less is More: The role of small data for governance in the 21st century",
  editor      = "D'Ignazio, C., Warren, J., Blair, D.",
  booktitle   = "Digital Governance",
  year        = 2014,
}

@misc{wikipedia_edward_2015,
	title = {Edward {Snowden}},
	howpublished = {\url{https://en.wikipedia.org/w/index.php?title=Edward_Snowden&oldid=673506052}},
	language = {en},
	journal = {Wikipedia, the free encyclopedia},
	note = {Accessed: 2015-07-28}
}

@misc{wikipedia_forget_2015,
	title = {Right to be forgotten},
	copyright = {Creative Commons Attribution-ShareAlike License},
	howpublished = {\url{https://en.wikipedia.org/w/index.php?title=Right_to_be_forgotten&oldid=672390411}},
	language = {en},
	journal = {Wikipedia, the free encyclopedia},
	month = jul,
	year = {2015},
	note = {Accessed: 2015-07-28}
}

@misc{john_teenagers_2015,
	title = {Teenagers {Could} {Have} the {Right} to {Delete} {Their} {Online} {History} in the {U}.{K}.},
	issn = {0040-718X},
	urldate = {2015-07-28},
	journal = {Time},
	author = {John, Tara},
	month = jul,
	year = {2015},
	keywords = {online content, teenagers, uk},
	howpublished = {\url{{http://time.com/3974435/uk-teenagers-online/}},
	note = {Accessed: 2015-07-27}
}

@article{de_montjoye_openpds_2014,
	title = {{openPDS}: {Protecting} the {Privacy} of {Metadata} through {SafeAnswers}},
	volume = {9},
	issn = {1932-6203},
	shorttitle = {{openPDS}},
	url = {http://dx.plos.org/10.1371/journal.pone.0098790},
	doi = {10.1371/journal.pone.0098790},
	language = {en},
	number = {7},
	urldate = {2015-07-23},
	journal = {PLoS ONE},
	author = {de Montjoye, Yves-Alexandre and Shmueli, Erez and Wang, Samuel S. and Pentland, Alex Sandy},
	editor = {Preis, Tobias},
	month = jul,
	year = {2014},
	pages = {e98790},
}

@misc{mozilla_lightbeam,
	title = {Lightbeam for {Firefox}},
	howpublished = {\url{https://www.mozilla.org/en-US/lightbeam/}},
	note = {Accessed: 2015-07-28}
}

@phdthesis{jagdish_immersion_2014,
	type = {Thesis},
	title = {{IMMERSION} : a platform for visualization and temporal analysis of email data},
	copyright = {http://dspace.mit.edu/handle/1721.1/7582},
	shorttitle = {{IMMERSION}},
	url = {http://dspace.mit.edu/handle/1721.1/95606},
	language = {eng},
	urldate = {2015-07-28},
	school = {Massachusetts Institute of Technology},
	author = {Jagdish, Deepak},
	year = {2014}
}

@book{freire_pedagogy_1968,
	title = {Pedagogy of the {Oppressed}},
	author = {Freire, Paulo},
	year = {1968}
}

@misc{bhargava_popular_2013,
	title = {Towards a {Concept} of "{Popular} {Data}" {\textbar} {MIT} {Center} for {Civic} {Media}},
	Note = {Accessed: 2015-07-28},
	author = {Bhargava, Rahul},
	month = nov,
	year = {2013},
    howpublished = {\url{https://civic.mit.edu/blog/rahulb/towards-a-concept-of-popular-data}}
}

@article{tygel_contributions_2015,
	title = {Contributions of {Paulo} {Freire} for a critical data literacy},
	author = {Tygel, Alan and Kirsch, Rosana},
	month = jun,
	year = {2015}
}

@article{bhargava_designing_2015,
	title = {Designing {Tools} and {Activities} for {Data} {Literacy} {Learners}},
	author = {Bhargava, Rahul and D’Ignazio, Catherine},
	month = jun,
	year = {2015}
}

@article{gurstein_open_2011,
	title = {Open data: {Empowering} the empowered or effective data use for everyone?},
	volume = {16},
	issn = {13960466},
	shorttitle = {Open data},
	url = {http://firstmonday.org/ojs/index.php/fm/article/view/3316},
	language = {en},
	number = {2},
	urldate = {2014-07-16},
	journal = {First Monday},
	author = {Gurstein, Michael B.},
	month = jan,
	year = {2011},
	keywords = {e-government, open access, Open data}
}

@misc{school_of_data,
	title = {School of {Data}},
	howpublished = {\url{http://schoolofdata.org}},
	note = {Accessed: 2015-07-25}
}

@misc{hunt_challenges_2004,
	title = {The {Challenges} of {Integrating} {Data} {Literacy} into the {Curriculum} in an {Undergraduate} {Institution}},
	author = {Hunt, Karen},
	year = {2004}
}

@article{williams_city_2015,
	title = {City {Digits}: {Local} {Lotto}: {Developing} {Youth} {Data} {Literacy} by {Investigating} the {Lottery} {\textbar} {Journal} of {Digital} and {Media} {Literacy}},
	shorttitle = {City {Digits}},
	author = {Williams, Sarah and Deahl, Erica and Rubel, Laurie and Lim, Vivian},
	year = {2015},
	keywords = {data literacy}
}

@misc{bhargava_data_activities,
	title = {Data {Therapy}: {Activities}},
	author = {Bhargava, Rahul},
	year = {2015},
	howpublished = {\url{http://datatherapy.org/activities}}
}

@article{schield_literacy_2004,
	title = {Information literacy, statistical literacy and data literacy},
	volume = {28},
	url = {http://www.statlit.org/pdf/2005SchieldIASSIST.pdf},
	number = {2/3},
	urldate = {2015-05-16},
	journal = {IASSIST Quarterly},
	author = {Schield, Milo},
	year = {2004},
	pages = {6--11}
}

@phdthesis{deahl_better_2014,
	title = {Better the {Data} {You} {Know}: {Developing} {Youth} {Data} {Literacy} in {Schools} and {Informal} {Learning} {Environments}},
	shorttitle = {Better the {Data} {You} {Know}},
	author = {Deahl, Erica Sachiyo},
	year = {2014}
}

@misc{bhargava_data_murals,
	title = {Data {Murals}},
	journal = {datatherapy},
	author = {Bhargava, Rahul},
	howpublished = {\url{{http://datatherapy.org/data-mural-gallery/}},
	note = {Accessed: 2015-07-28}
}

@misc{dignazio_coastline_2015,
	title = {Boston {Coastline}: {Future} {Past} {\textbar} kanarinka},
	shorttitle = {Boston {Coastline}},
	urldate = {2015-07-30},
	year = {2015},
	author = {D'Ignazio, Catherine},
	note = {Accessed: 2015-07-28},
	howpublished = {\url{{http://www.kanarinka.com/project/boston-coastline-future-past/}}
}

@misc{dignazio_breaths_2008,
	title = {It takes 154,000 breaths to evacuate {Boston}},
	urldate = {2015-07-28},
	author = {D'Ignazio, Catherine},
	year = {2008},
	note = {Accessed: 2015-07-28},
	howpublished = {\url{http://www.kanarinka.com/project/it-takes-154000-breaths-to-evacuate-boston/}}
}

@article{sandvig_auditing_2014,
	title = {Auditing algorithms: {Research} methods for detecting discrimination on internet platforms},
	shorttitle = {Auditing algorithms},
	urldate = {2015-07-30},
	journal = {Data and Discrimination: Converting Critical Concerns into Productive Inquiry},
	author = {Sandvig, Christian and Hamilton, Kevin and Karahalios, Karrie and Langbort, Cedric},
	year = {2014}
}

@article{colella_participatory_2000,
	title = {Participatory {Simulations}: {Building} {Collaborative} {Understanding} through {Immersive} {Dynamic} {Modeling}},
	volume = {Vol. 9, No. 4},
	journal = {The Journal of the Learning Sciences},
	author = {Colella, Vanessa Stevens},
	year = {2000},
	pages = {471--500}
}

@article{hart_new_2004,
	title = {A new way of walking},
	url = {http://www.sheridanassignments.com/uploads/8/2/1/6/8216125/a_new_way_of_walking.docx},
	urldate = {2015-07-30},
	journal = {UTNE-MINNEAPOLIS},
	author = {Hart, Joseph},
	year = {2004},
	pages = {40--43}
}

@book{papert_mindstorms_1980,
	address = {New York},
	title = {Mindstorms: children, computers, and powerful ideas},
	isbn = {0465046274},
	shorttitle = {Mindstorms},
	publisher = {Basic Books},
	author = {Papert, Seymour},
	year = {1980},
	keywords = {Computer-assisted instruction, Mathematics}
}

@book{tachtech_visualizing_2014,
	address = {The Netherlands},
	edition = {Second},
	title = {Visualizing {Information} for {Advocacy}},
	copyright = {Creative Commons Attribution Non-Commercial Share-Alike 3.0},
	publisher = {Tactical Technology Collective},
	year = {2014}
}

@misc{netstories_2015,
	title = {{NetStories}},
	author = {Othman, Dalia and Craig, Heather and Debigare, Adrienne},
	howpublished = {\url{http://www.netstories.org/}},
	note = {Accessed: 2015-05-14}
}

@misc{data_kind_2015,
	title = {{DataKind}},
	howpublished = {\url{http://datakind.org/}},
	note = {Accessed: 2015-07-1}
}

@misc{cms631_2015,
	title = {data logs {\textbar} {Data} {Storytelling} {Studio} @ {MIT}},
	month = feb,
	year = {2015},
	howpublished = {\url{http://cms631.datatherapy.org/category/assignments/data-logs/}},
	note = {Accessed: 2015-07-21}
}

@misc{leber_how_2013,
	title = {How {Verizon} and {Other} {Wireless} {Carriers} {Are} {Mining} {Customer} {Data}},
	urldate = {2015-07-30},
	journal = {MIT Technology Review},
	author = {Leber, Jessica},
	month = apr,
	year = {2013},
	howpublished = {\url{{http://www.technologyreview.com/news/513016/how-wireless-carriers-are-monetizing-your-movements/}},
	note = {Accessed: 2015-07-30}
}

@article{diakopoulos_algorithmic_2015,
	title = {Algorithmic {Accountability}},
	volume = {3},
	issn = {21670811},
	number = {3},
	journal = {Digital Journalism},
	author = {Diakopoulos, Nicholas},
	month = may,
	year = {2015},
	pages = {398}
}

@article{hamilton_path_2014,
	title = {A path to understanding the effects of algorithm awareness},
	journal = {Conference on Human Factors in Computing Systems Proceedings},
	author = {Hamilton, Kevin and Karahalios, Karrie and Sandvig, Christian and Eslami, Motahhare},
	month = apr,
	year = {2014},
	pages = {631}
}

@phdthesis{deahl_better_2014,
	title = {Better the {Data} {You} {Know}: {Developing} {Youth} {Data} {Literacy} in {Schools} and {Informal} {Learning} {Environments}},
	shorttitle = {Better the {Data} {You} {Know}},
	author = {Deahl, Erica Sachiyo},
	year = {2014}
}

@misc{diakopoulos_tow_2014,
	title = "Algorithmic Accountability Reporting :
on the Investigation of Black Boxes",
	url = {http://towcenter.org/wp-content/uploads/2014/02/78524_Tow-Center-Report-WEB-1.pdf},
	urldate = {2015-07-29},
	author = {Diakopoulos, Nicholas},
	publisher = {Tow {Center} for {Digital} {Journalism}},
	month = feb,
	year = {2014}
}

@misc{guardian_nsa,
	title = {The {NSA} files},
	journal = {The Guardian},
	year = {2013},
	howpublished = {\url{http://www.theguardian.com/us-news/the-nsa-files}},
	note = {Accessed: 2015-07-28}
}

@misc{warren_promise_2013,
	title = {The {Promise} of {Small} {Data}},
	note = {Accessed: 2015-07-23},
	journal = {TechPresident},
	author = {Warren, Jeffrey},
	month = jul,
	year = {2013},
	howpublished = {\url{http://techpresident.com/news/24176/backchannel-promise-small-data}}
}

@misc{tachtech_shadow,
    title = {Me and My Shadow},
    note = {Accessed: 2015-07-23},
    author = {Tactical Technology Collective},
    howpublished = {\url{https://myshadow.org/trace-my-shadow}}
}